@article{PhysRev.33.195,
  title = {Oscillations in Ionized Gases},
  author = {Tonks, Lewi and Langmuir, Irving},
  journal = {Phys. Rev.},
  volume = {33},
  issue = {2},
  pages = {195--210},
  numpages = {0},
  year = {1929},
  month = {Feb},
  publisher = {American Physical Society},
  doi = {10.1103/PhysRev.33.195},
  url = {https://link.aps.org/doi/10.1103/PhysRev.33.195}
}

@BOOK{2002cra..book.....S,
       author = {{Schlickeiser}, Reinhard},
        title = "{Cosmic Ray Astrophysics}",
         year = "2002",
       adsurl = {https://ui.adsabs.harvard.edu/abs/2002cra..book.....S},
      adsnote = {Provided by the SAO/NASA Astrophysics Data System}
}

@BOOK{2008FluidMechanics,
       author = {Joseph, Spurk and Nuri, Aksel},
       title  = "{Fluid Mechanics}",
       year   = "2008"
} 

@BOOK{1976magn.book.....C,
       author = {{Cowling}, T.~G.},
        title = "{Magnetohydrodynamics}",
         year = "1976",
       adsurl = {https://ui.adsabs.harvard.edu/abs/1976magn.book.....C},
      adsnote = {Provided by the SAO/NASA Astrophysics Data System}
}

@ARTICLE{1965RvPP....1..205B,
       author = {{Braginskii}, S.~I.},
        title = "{Transport Processes in a Plasma}",
      journal = {Reviews of Plasma Physics},
         year = "1965",
        month = "Jan",
       volume = {1},
        pages = {205},
       adsurl = {https://ui.adsabs.harvard.edu/abs/1965RvPP....1..205B},
      adsnote = {Provided by the SAO/NASA Astrophysics Data System}
}

@ARTICLE{2013ApJ...767..171S,
       author = {{Soler}, R. and {Carbonell}, M. and {Ballester}, J.~L. and
         {Terradas}, J.},
        title = "{Alfv{\'e}n Waves in a Partially Ionized Two-fluid Plasma}",
      journal = {\apj},
     keywords = {magnetic fields, magnetohydrodynamics: MHD, plasmas, Sun: atmosphere, Sun: oscillations, waves, Astrophysics - Solar and Stellar Astrophysics},
         year = "2013",
        month = "Apr",
       volume = {767},
       number = {2},
          eid = {171},
        pages = {171},
          doi = {10.1088/0004-637X/767/2/171},
archivePrefix = {arXiv},
       eprint = {1303.4297},
 primaryClass = {astro-ph.SR},
       adsurl = {https://ui.adsabs.harvard.edu/abs/2013ApJ...767..171S},
      adsnote = {Provided by the SAO/NASA Astrophysics Data System}
}

@ARTICLE{2013ApJS..209...16S,
       author = {{Soler}, Roberto and {Carbonell}, Marc and {Ballester}, Jose Luis},
        title = "{Magnetoacoustic Waves in a Partially Ionized Two-fluid Plasma}",
      journal = {\apjs},
     keywords = {magnetic fields, magnetohydrodynamics: MHD, plasmas, Sun: atmosphere, Sun: oscillations, waves, Astrophysics - Solar and Stellar Astrophysics},
         year = "2013",
        month = "Nov",
       volume = {209},
       number = {1},
          eid = {16},
        pages = {16},
          doi = {10.1088/0067-0049/209/1/16},
archivePrefix = {arXiv},
       eprint = {1309.7204},
 primaryClass = {astro-ph.SR},
       adsurl = {https://ui.adsabs.harvard.edu/abs/2013ApJS..209...16S},
      adsnote = {Provided by the SAO/NASA Astrophysics Data System}
}

@Article{Wentzel1926,
author="Wentzel, Gregor",
title="Eine Verallgemeinerung der Quantenbedingungen f{\"u}r die Zwecke der Wellenmechanik",
journal="Zeitschrift f{\"u}r Physik",
year="1926",
month="Jun",
day="01",
volume="38",
number="6",
pages="518--529",
abstract="In dieser Note soll eine Methode entwickelt werden, die Eigenwertprobleme der Schr{\"o}dingerschen „Wellenmechanik`` durch sukzessive Approximation von dem Grenzfall der klassischen Mechanik (bzw. der fr{\"u}heren Quantentheorie) aus zu l{\"o}sen. Dieses N{\"a}herungsverfahren kann in vielen F{\"a}llen so eingerichtet werden, da{\ss} es nach wenigen Schritten abbricht. Anwendungen (H-Atom und Starkeffekt) finden sich am Schlusse.",
issn="0044-3328",
doi="10.1007/BF01397171",
url="https://doi.org/10.1007/BF01397171"
}


@article{Landau:437300,
      author        = "Landau, Lev Davidovich",
      title         = "{On the vibrations of the electronic plasma}",
      journal       = "Yad. Fiz.",
      volume        = "10",
      pages         = "25",
      year          = "1946",
      url           = "http://cds.cern.ch/record/437300",
}


@BOOK{1987flme.book.....L,
       author = {{Landau}, L.~D. and {Lifshitz}, E.~M.},
        title = "{Fluid Mechanics}",
         year = "1987",
       adsurl = {https://ui.adsabs.harvard.edu/abs/1987flme.book.....L},
      adsnote = {Provided by the SAO/NASA Astrophysics Data System}
}

@BOOK{1996turb.book.....F,
       author = {{Frisch}, Uriel},
        title = "{Turbulence}",
         year = "1996",
       adsurl = {https://ui.adsabs.harvard.edu/abs/1996turb.book.....F},
      adsnote = {Provided by the SAO/NASA Astrophysics Data System}
}

@ARTICLE{1941DoSSR..30..301K,
       author = {{Kolmogorov}, A.},
        title = "{The Local Structure of Turbulence in Incompressible Viscous Fluid for Very Large Reynolds' Numbers}",
      journal = {Akademiia Nauk SSSR Doklady},
         year = "1941",
        month = "Jan",
       volume = {30},
        pages = {301-305},
       adsurl = {https://ui.adsabs.harvard.edu/abs/1941DoSSR..30..301K},
      adsnote = {Provided by the SAO/NASA Astrophysics Data System}
}

@ARTICLE{1922Natur.109..683R,
       author = {{Richardson}, Lewis F.},
        title = "{The Speckled Wave Front of Light.}",
      journal = {\nat},
         year = "1922",
        month = "May",
       volume = {109},
       number = {2743},
        pages = {683},
          doi = {10.1038/109683d0},
       adsurl = {https://ui.adsabs.harvard.edu/abs/1922Natur.109..683R},
      adsnote = {Provided by the SAO/NASA Astrophysics Data System}
}

@article{doi:10.1063/1.1761412,
author = {Kraichnan,Robert H. },
title = {Inertial‐Range Spectrum of Hydromagnetic Turbulence},
journal = {The Physics of Fluids},
volume = {8},
number = {7},
pages = {1385-1387},
year = {1965},
doi = {10.1063/1.1761412},

URL = { 
        https://aip.scitation.org/doi/abs/10.1063/1.1761412
    
},
eprint = { 
        https://aip.scitation.org/doi/pdf/10.1063/1.1761412
    
}

}

@ARTICLE{1963AZh....40..742I,
       author = {{Iroshnikov}, P.~S.},
        title = "{Turbulence of a Conducting Fluid in a Strong Magnetic Field}",
      journal = {\azh},
         year = "1963",
        month = "Jan",
       volume = {40},
        pages = {742},
       adsurl = {https://ui.adsabs.harvard.edu/abs/1963AZh....40..742I},
      adsnote = {Provided by the SAO/NASA Astrophysics Data System}
}


@ARTICLE{1994ApJ...432..612S,
       author = {{Sridhar}, S. and {Goldreich}, P.},
        title = "{Toward a Theory of Interstellar Turbulence. I. Weak Alfvenic Turbulence}",
      journal = {\apj},
     keywords = {Collisionless Plasmas, Incompressible Flow, Incompressible Fluids, Interstellar Matter, Magnetohydrodynamic Flow, Magnetohydrodynamic Turbulence, Magnetohydrodynamic Waves, Radio Waves, Variational Principles, Energy Spectra, Magnetic Fields, Wave Interaction, Astrophysics, ISM: GENERAL, MAGNETOHYDRODYNAMICS: MHD, TURBULENCE},
         year = "1994",
        month = "Sep",
       volume = {432},
        pages = {612},
          doi = {10.1086/174600},
       adsurl = {https://ui.adsabs.harvard.edu/abs/1994ApJ...432..612S},
      adsnote = {Provided by the SAO/NASA Astrophysics Data System}
}

@ARTICLE{1999ApJ...517..700L,
       author = {{Lazarian}, A. and {Vishniac}, Ethan T.},
        title = "{Reconnection in a Weakly Stochastic Field}",
      journal = {\apj},
     keywords = {GALAXIES: MAGNETIC FIELDS, MAGNETOHYDRODYNAMICS: MHD, Galaxies: Magnetic Fields, Magnetohydrodynamics: MHD, Astrophysics, Physics - Fluid Dynamics, Physics - Geophysics, Physics - Plasma Physics, Physics - Space Physics},
         year = "1999",
        month = "Jun",
       volume = {517},
       number = {2},
        pages = {700-718},
          doi = {10.1086/307233},
archivePrefix = {arXiv},
       eprint = {astro-ph/9811037},
 primaryClass = {astro-ph},
       adsurl = {https://ui.adsabs.harvard.edu/abs/1999ApJ...517..700L},
      adsnote = {Provided by the SAO/NASA Astrophysics Data System}
}

